@inproceedings{kour2014real,
  title={Real-time segmentation of on-line handwritten arabic script},
  author={Kour, George and Saabne, Raid},
  booktitle={Frontiers in Handwriting Recognition (ICFHR), 2014 14th International Conference on},
  pages={417--422},
  year={2014},
  organization={IEEE}
}

@inproceedings{kour2014fast,
  title={Fast classification of handwritten on-line Arabic characters},
  author={Kour, George and Saabne, Raid},
  booktitle={Soft Computing and Pattern Recognition (SoCPaR), 2014 6th International Conference of},
  pages={312--318},
  year={2014},
  organization={IEEE}
}

@article{hadash2018estimate,
  title={Estimate and Replace: A Novel Approach to Integrating Deep Neural Networks with Existing Applications},
  author={Hadash, Guy and Kermany, Einat and Carmeli, Boaz and Lavi, Ofer and Kour, George and Jacovi, Alon},
  journal={arXiv preprint arXiv:1804.09028},
  year={2018}
}




@inproceedings{azarbonyad2017words,
  title={Words are malleable: Computing semantic shifts in political and media discourse},
  author={Azarbonyad, Hosein and Dehghani, Mostafa and Beelen, Kaspar and Arkut, Alexandra and Marx, Maarten and Kamps, Jaap},
  booktitle={Proceedings of the 2017 ACM on Conference on Information and Knowledge Management},
  pages={1509--1518},
  year={2017},
  organization={ACM}
}

@article{hamilton2016diachronic,
  title={Diachronic word embeddings reveal statistical laws of semantic change},
  author={Hamilton, William L and Leskovec, Jure and Jurafsky, Dan},
  journal={arXiv preprint arXiv:1605.09096},
  year={2016}
}


@article{relativecosine,
  title={"A minimally supervised approach for synonym extraction with word embeddings"},
  author={Leeuwenberg, Arthur and Vela, Mihaela and Dehdari, Jon and Genabith, Josef van},
  journal={The Prague Bulletin of Mathematical Linguistics 105, no. 1},
  pages={111-142},
  year={2016}
}

@article{leeuwenberg2016minimally,
  title={A minimally supervised approach for synonym extraction with word embeddings},
  author={Leeuwenberg, Artuur and Vela, Mihaela and Dehdari, Jon and van Genabith, Josef},
  journal={The Prague Bulletin of Mathematical Linguistics},
  volume={105},
  number={1},
  pages={111--142},
  year={2016},
  publisher={De Gruyter Open}
}

@article{breiman2001random,
  title={Random forests},
  author={Breiman, Leo},
  journal={Machine learning},
  volume={45},
  number={1},
  pages={5--32},
  year={2001},
  publisher={Springer}
}

@article{goldberg2014word2vec,
  title={word2vec Explained: deriving Mikolov et al.'s negative-sampling word-embedding method},
  author={Goldberg, Yoav and Levy, Omer},
  journal={arXiv preprint arXiv:1402.3722},
  year={2014}
}

@article{laver2003extracting,
  title={Extracting policy positions from political texts using words as data},
  author={Laver, Michael and Benoit, Kenneth and Garry, John},
  journal={American political science review},
  volume={97},
  number={2},
  pages={311--331},
  year={2003},
  publisher={Cambridge University Press}
}

@article{lowe2008understanding,
  title={Understanding wordscores},
  author={Lowe, Will},
  journal={Political Analysis},
  volume={16},
  number={4},
  pages={356--371},
  year={2008},
  publisher={Cambridge University Press}
}

@article{mikolov2013efficient,
  title={Efficient estimation of word representations in vector space},
  author={Mikolov, Tomas and Chen, Kai and Corrado, Greg and Dean, Jeffrey},
  journal={arXiv preprint arXiv:1301.3781},
  year={2013}
}

@article{monroe2008fightin,
  title={Fightin'words: Lexical feature selection and evaluation for identifying the content of political conflict},
  author={Monroe, Burt L and Colaresi, Michael P and Quinn, Kevin M},
  journal={Political Analysis},
  volume={16},
  number={4},
  pages={372--403},
  year={2008},
  publisher={Cambridge University Press}
}

@article{rong2014word2vec,
  title={word2vec parameter learning explained},
  author={Rong, Xin},
  journal={arXiv preprint arXiv:1411.2738},
  year={2014}
}

@article{slapin2008scaling,
  title={A scaling model for estimating time-series party positions from texts},
  author={Slapin, Jonathan B and Proksch, Sven-Oliver},
  journal={American Journal of Political Science},
  volume={52},
  number={3},
  pages={705--722},
  year={2008},
  publisher={Wiley Online Library}
}

@book{vapnik2013nature,
  title={The nature of statistical learning theory},
  author={Vapnik, Vladimir},
  year={2013},
  publisher={Springer science \& business media}
}

@inproceedings{iyyer2014political,
  title={Political ideology detection using recursive neural networks},
  author={Iyyer, Mohit and Enns, Peter and Boyd-Graber, Jordan and Resnik, Philip},
  booktitle={Proceedings of the 52nd Annual Meeting of the Association for Computational Linguistics (Volume 1: Long Papers)},
  pages={1113--1122},
  year={2014}
}

@article{rudkowsky2018more,
  title={More than bags of words: Sentiment analysis with word embeddings},
  author={Rudkowsky, Elena and Haselmayer, Martin and Wastian, Matthias and Jenny, Marcelo and Emrich, {\v{S}}tefan and Sedlmair, Michael},
  journal={Communication Methods and Measures},
  volume={12},
  number={2-3},
  pages={140--157},
  year={2018},
  publisher={Taylor \& Francis}
}

