@inproceedings{azarbonyad2017words,
  title={Words are malleable: Computing semantic shifts in political and media discourse},
  author={Azarbonyad, Hosein and Dehghani, Mostafa and Beelen, Kaspar and Arkut, Alexandra and Marx, Maarten and Kamps, Jaap},
  booktitle={Proceedings of the 2017 ACM on Conference on Information and Knowledge Management},
  pages={1509--1518},
  year={2017},
  organization={ACM}
}

@article{hamilton2016diachronic,
  title={Diachronic word embeddings reveal statistical laws of semantic change},
  author={Hamilton, William L and Leskovec, Jure and Jurafsky, Dan},
  journal={arXiv preprint arXiv:1605.09096},
  year={2016}
}

@article{leeuwenberg2016minimally,
  title={A minimally supervised approach for synonym extraction with word embeddings},
  author={Leeuwenberg, Artuur and Vela, Mihaela and Dehdari, Jon and van Genabith, Josef},
  journal={The Prague Bulletin of Mathematical Linguistics},
  volume={105},
  number={1},
  pages={111--142},
  year={2016},
  publisher={De Gruyter Open}
}

@article{breiman2001random,
  title={Random forests},
  author={Breiman, Leo},
  journal={Machine learning},
  volume={45},
  number={1},
  pages={5--32},
  year={2001},
  publisher={Springer}
}

@article{bruinsma2017validating,
  title={Validating wordscores},
  author={Bruinsma, Bastiaan and Gemenis, Kostas},
  journal={arXiv preprint arXiv:1707.04737},
  year={2017}
}

@article{goldberg2014word2vec,
  title={word2vec Explained: deriving Mikolov et al.'s negative-sampling word-embedding method},
  author={Goldberg, Yoav and Levy, Omer},
  journal={arXiv preprint arXiv:1402.3722},
  year={2014}
}

@InProceedings{honnibal-johnson:2015:EMNLP,
  author    = {Honnibal, Matthew  and  Johnson, Mark},
  title     = {An Improved Non-monotonic Transition System for Dependency Parsing},
  booktitle = {Proceedings of the 2015 Conference on Empirical Methods in Natural Language Processing},
  month     = {September},
  year      = {2015},
  address   = {Lisbon, Portugal},
  publisher = {Association for Computational Linguistics},
  pages     = {1373--1378},
  url       = {https://aclweb.org/anthology/D/D15/D15-1162}
}

@article{laver2003extracting,
  title={Extracting policy positions from political texts using words as data},
  author={Laver, Michael and Benoit, Kenneth and Garry, John},
  journal={American political science review},
  volume={97},
  number={2},
  pages={311--331},
  year={2003},
  publisher={Cambridge University Press}
}

@article{lowe2008understanding,
  title={Understanding wordscores},
  author={Lowe, Will},
  journal={Political Analysis},
  volume={16},
  number={4},
  pages={356--371},
  year={2008},
  publisher={Cambridge University Press}
}

@article{mikolov2013efficient,
  title={Efficient estimation of word representations in vector space},
  author={Mikolov, Tomas and Chen, Kai and Corrado, Greg and Dean, Jeffrey},
  journal={arXiv preprint arXiv:1301.3781},
  year={2013}
}

@article{monroe2008introduction,
  title={Introduction to the special issue: The statistical analysis of political text},
  author={Monroe, Burt L and Schrodt, Philip A},
  journal={Political Analysis},
  volume={16},
  number={4},
  pages={351--355},
  year={2008},
  publisher={Cambridge University Press}
}

@article{monroe2008fightin,
  title={Fightin'words: Lexical feature selection and evaluation for identifying the content of political conflict},
  author={Monroe, Burt L and Colaresi, Michael P and Quinn, Kevin M},
  journal={Political Analysis},
  volume={16},
  number={4},
  pages={372--403},
  year={2008},
  publisher={Cambridge University Press}
}

@article{pennebaker2001linguistic,
  title={Linguistic inquiry and word count: LIWC 2001},
  author={Pennebaker, James W and Francis, Martha E and Booth, Roger J},
  journal={Mahway: Lawrence Erlbaum Associates},
  volume={71},
  number={2001},
  pages={2001},
  year={2001}
}

@article{proksch2008wordfish,
  title={WORDFISH: Scaling software for estimating political positions from texts},
  author={Proksch, Sven-Oliver and Slapin, Jonathan B},
  journal={Version},
  volume={1},
  pages={323--344},
  year={2008}
}

@inproceedings{rehurek_lrec,
      title = {{Software Framework for Topic Modelling with Large Corpora}},
      author = {Radim {\v R}eh{\r u}{\v r}ek and Petr Sojka},
      booktitle = {{Proceedings of the LREC 2010 Workshop on New
           Challenges for NLP Frameworks}},
      pages = {45--50},
      year = 2010,
      month = May,
      day = 22,
      publisher = {ELRA},
      address = {Valletta, Malta},
      note={\url{http://is.muni.cz/publication/884893/en}},
      language={English}
}

@article{rong2014word2vec,
  title={word2vec parameter learning explained},
  author={Rong, Xin},
  journal={arXiv preprint arXiv:1411.2738},
  year={2014}
}

@article{slapin2008scaling,
  title={A scaling model for estimating time-series party positions from texts},
  author={Slapin, Jonathan B and Proksch, Sven-Oliver},
  journal={American Journal of Political Science},
  volume={52},
  number={3},
  pages={705--722},
  year={2008},
  publisher={Wiley Online Library}
}

@book{vapnik2013nature,
  title={The nature of statistical learning theory},
  author={Vapnik, Vladimir},
  year={2013},
  publisher={Springer science \& business media}
}

@inproceedings{iyyer2014political,
  title={Political ideology detection using recursive neural networks},
  author={Iyyer, Mohit and Enns, Peter and Boyd-Graber, Jordan and Resnik, Philip},
  booktitle={Proceedings of the 52nd Annual Meeting of the Association for Computational Linguistics (Volume 1: Long Papers)},
  pages={1113--1122},
  year={2014}
}

@article{rudkowsky2018more,
  title={More than bags of words: Sentiment analysis with word embeddings},
  author={Rudkowsky, Elena and Haselmayer, Martin and Wastian, Matthias and Jenny, Marcelo and Emrich, {\v{S}}tefan and Sedlmair, Michael},
  journal={Communication Methods and Measures},
  volume={12},
  number={2-3},
  pages={140--157},
  year={2018},
  publisher={Taylor \& Francis}
}

@article{scikit-learn,
 title={Scikit-learn: Machine Learning in {P}ython},
 author={Pedregosa, F. and Varoquaux, G. and Gramfort, A. and Michel, V.
         and Thirion, B. and Grisel, O. and Blondel, M. and Prettenhofer, P.
         and Weiss, R. and Dubourg, V. and Vanderplas, J. and Passos, A. and
         Cournapeau, D. and Brucher, M. and Perrot, M. and Duchesnay, E.},
 journal={Journal of Machine Learning Research},
 volume={12},
 pages={2825--2830},
 year={2011}
}

@article{whissell2009using,
  title={Using the revised dictionary of affect in language to quantify the emotional undertones of samples of natural language},
  author={Whissell, Cynthia},
  journal={Psychological reports},
  volume={105},
  number={2},
  pages={509--521},
  year={2009},
  publisher={SAGE Publications Sage CA: Los Angeles, CA}
}

@article{wold1987principal,
  title={Principal component analysis},
  author={Wold, Svante and Esbensen, Kim and Geladi, Paul},
  journal={Chemometrics and intelligent laboratory systems},
  volume={2},
  number={1-3},
  pages={37--52},
  year={1987},
  publisher={Elsevier}
}

